<?xml version="1.0" encoding="UTF-8"?><collection xmlns="http://www.loc.gov/MARC21/slim"><record><leader>00474nam--2200169-i-4500</leader><controlfield tag="001">000028275</controlfield><controlfield tag="002">20161230</controlfield><controlfield tag="005">20161230201037</controlfield><controlfield tag="008">060222s1000------------r-----000-0-eng-d</controlfield><datafield ind1=" " ind2=" " tag="040"><subfield code="a">IFIN-HH</subfield></datafield><datafield ind1=" " ind2=" " tag="080"><subfield code="a">536.7</subfield></datafield><datafield ind1="1" ind2=" " tag="100"><subfield code="a">Kubo, Ryogo</subfield></datafield><datafield ind1="1" ind2="0" tag="245"><subfield code="a">Thermodynamics</subfield><subfield code="b">An advanced course with problems and solutions</subfield><subfield code="c">Ryogo kubo</subfield></datafield><datafield ind1=" " ind2=" " tag="260"><subfield code="a">Amsterdam</subfield><subfield code="b">North-holland Publishing Company</subfield><subfield code="c">1968</subfield></datafield><datafield ind1=" " ind2=" " tag="300"><subfield code="a">XII + 300P</subfield></datafield><datafield ind1=" " ind2=" " tag="852"><subfield code="a">30033</subfield><subfield code="c">536.7</subfield></datafield><datafield ind1=" " ind2=" " tag="CAT"><subfield code="a">Sys</subfield><subfield code="c">20110517</subfield><subfield code="h">120340</subfield></datafield></record></collection>